@Manual{BrahmUserGuide,
title = {BrahmsUserGuide},
organization = {Agent iSolution},
}
